@inproceedings{Rabideau1946THEAA,
  title={THE ABSORPTION AND REFLECTION SPECTRA OF LEAVES, CHLOROPLAST SUSPENSIONS, AND CHLOROPLAST FRAGMENTS AS MEASURED IN AN ULBRICHT SPHERE},
  author={Glenn S. Rabideau and Clayton Sumner French and A. Stanley Holt},
  year={1946}
}

@article{ihuoma2017recent,
  title={Recent advances in crop water stress detection},
  author={Ihuoma, Samuel O and Madramootoo, Chandra A},
  journal={Computers and Electronics in Agriculture},
  volume={141},
  pages={267--275},
  year={2017},
  publisher={Elsevier}
}



@article{karnieli2010use,
  title={Use of NDVI and land surface temperature for drought assessment: Merits and limitations},
  author={Karnieli, Arnon and Agam, Nurit and Pinker, Rachel T and Anderson, Martha and Imhoff, Marc L and Gutman, Garik G and Panov, Natalya and Goldberg, Alexander},
  journal={Journal of climate},
  volume={23},
  number={3},
  pages={618--633},
  year={2010}
}


@article{kingma2014adam,
  title={Adam: A method for stochastic optimization},
  author={Kingma, Diederik P and Ba, Jimmy},
  journal={arXiv preprint arXiv:1412.6980},
  year={2014}
}


@article{xue2017significant,
  title={Significant remote sensing vegetation indices: A review of developments and applications},
  author={Xue, Jinru and Su, Baofeng},
  journal={Journal of Sensors},
  volume={2017},
  year={2017},
  publisher={Hindawi}
}


@article{mand2010responses,
  title={Responses of the reflectance indices PRI and NDVI to experimental warming and drought in European shrublands along a north--south climatic gradient},
  author={M{\"a}nd, Pille and Hallik, Lea and Pe{\~n}uelas, Josep and Nilson, Tiit and Duce, Pierpaolo and Emmett, Bridget A and Beier, Claus and Estiarte, Marc and Garadnai, J{\'a}nos and Kalapos, Tibor and others},
  journal={Remote Sensing of Environment},
  volume={114},
  number={3},
  pages={626--636},
  year={2010},
  publisher={Elsevier}
}


@article{carter1993responses,
  title={Responses of leaf spectral reflectance to plant stress},
  author={Carter, Gregory A},
  journal={American Journal of Botany},
  volume={80},
  number={3},
  pages={239--243},
  year={1993},
  publisher={Wiley Online Library}
}


@article{zarco2013pri,
  title={A PRI-based water stress index combining structural and chlorophyll effects: Assessment using diurnal narrow-band airborne imagery and the CWSI thermal index},
  author={Zarco-Tejada, Pablo J and Gonz{\'a}lez-Dugo, Victoria and Williams, LE and Su{\'a}rez, L and Berni, Jos{\'e} AJ and Goldhamer, D and Fereres, E},
  journal={Remote sensing of environment},
  volume={138},
  pages={38--50},
  year={2013},
  publisher={Elsevier}
}


@inproceedings{suarez2010orchard,
  title={Orchard Water Stress detection using high-resolution imagery},
  author={Su{\'a}rez, L and Zarco-Tejada, PJ and Berni, JAJ and Gonz{\'a}lez-Dugo, V and Fereres, E},
  booktitle={XXVIII International Horticultural Congress on Science and Horticulture for People (IHC2010): International Symposium on 922},
  pages={35--39},
  year={2010}
}


@article{gamon1992narrow,
  title={A narrow-waveband spectral index that tracks diurnal changes in photosynthetic efficiency},
  author={Gamon, JA and Penuelas, J and Field, CB},
  journal={Remote Sensing of environment},
  volume={41},
  number={1},
  pages={35--44},
  year={1992},
  publisher={Elsevier}
}


@article{zarco2003water,
  title={Water content estimation in vegetation with MODIS reflectance data and model inversion methods},
  author={Zarco-Tejada, Pablo J and Rueda, CA and Ustin, Susan L},
  journal={Remote Sensing of Environment},
  volume={85},
  number={1},
  pages={109--124},
  year={2003},
  publisher={Elsevier}
}



@article{penuelas1999reflectance,
  title={Reflectance indices indicative of changes in water and pigment contents of peanut and wheat leaves},
  author={Pe{\~n}uelas, J and Inoue, Y},
  journal={Photosynthetica},
  volume={36},
  number={3},
  pages={355--360},
  year={1999},
  publisher={Springer}
}



@article{gamon1997photochemical,
  title={The photochemical reflectance index: an optical indicator of photosynthetic radiation use efficiency across species, functional types, and nutrient levels},
  author={Gamon, JAm and Serrano, L and Surfus, JS},
  journal={Oecologia},
  volume={112},
  number={4},
  pages={492--501},
  year={1997},
  publisher={Springer}
}


@article{magney2016response,
  title={Response of high frequency Photochemical Reflectance Index (PRI) measurements to environmental conditions in wheat},
  author={Magney, Troy S and Vierling, Lee A and Eitel, Jan UH and Huggins, David R and Garrity, Steven R},
  journal={Remote sensing of Environment},
  volume={173},
  pages={84--97},
  year={2016},
  publisher={Elsevier}
}


@article{penuelas1997estimation,
  title={Estimation of plant water concentration by the reflectance water index WI (R900/R970)},
  author={Pe{\~n}uelas, J and Pinol, J and Ogaya, R and Filella, I},
  journal={International Journal of Remote Sensing},
  volume={18},
  number={13},
  pages={2869--2875},
  year={1997},
  publisher={Taylor \& Francis}
}


@article{dawson1999propagation,
  title={The propagation of foliar biochemical absorption features in forest canopy reflectance: A theoretical analysis},
  author={Dawson, TP and Curran, PJ and North, PRJ and Plummer, SE},
  journal={Remote Sensing of Environment},
  volume={67},
  number={2},
  pages={147--159},
  year={1999},
  publisher={Elsevier}
}


@article{wang2015determining,
  title={Determining the canopy water stress for spring wheat using canopy hyperspectral reflectance data in loess plateau semiarid regions},
  author={Wang, Xiaoping and Zhao, Chuanyan and Guo, Ni and Li, Yaohui and Jian, Shenqi and Yu, Kai},
  journal={Spectroscopy Letters},
  volume={48},
  number={7},
  pages={492--498},
  year={2015},
  publisher={Taylor \& Francis}
}


@article{gitelson2003relationships,
  title={Relationships between leaf chlorophyll content and spectral reflectance and algorithms for non-destructive chlorophyll assessment in higher plant leaves},
  author={Gitelson, Anatoly A and Gritz, Yuri and Merzlyak, Mark N},
  journal={Journal of plant physiology},
  volume={160},
  number={3},
  pages={271--282},
  year={2003},
  publisher={Elsevier}
}


@article{vincini2008broad,
  title={A broad-band leaf chlorophyll vegetation index at the canopy scale},
  author={Vincini, Massimo and Frazzi, Ermes and D’Alessio, Paolo},
  journal={Precision Agriculture},
  volume={9},
  number={5},
  pages={303--319},
  year={2008},
  publisher={Springer}
}


@article{huete2002overview,
  title={Overview of the radiometric and biophysical performance of the MODIS vegetation indices},
  author={Huete, Alfredo and Didan, Kamel and Miura, Tomoaki and Rodriguez, E Patricia and Gao, Xiang and Ferreira, Laerte G},
  journal={Remote sensing of environment},
  volume={83},
  number={1-2},
  pages={195--213},
  year={2002},
  publisher={Elsevier}
}



@article{peterson1988remote,
  title={Remote sensing of forest canopy and leaf biochemical contents},
  author={Peterson, David L and Aber, John D and Matson, Pamela A and Card, Don H and Swanberg, Nancy and Wessman, Carol and Spanner, Michael},
  journal={Remote Sensing of Environment},
  volume={24},
  number={1},
  pages={85--108},
  year={1988},
  publisher={Elsevier}
}



@article{camejo2006changes,
  title={Changes in photosynthetic parameters and antioxidant activities following heat-shock treatment in tomato plants},
  author={Camejo, Daymi and Jim{\'e}nez, Ana and Alarc{\'o}n, Juan Jos{\'e} and Torres, Walfredo and G{\'o}mez, Juana Mar{\'\i}a and Sevilla, Francisca},
  journal={Functional Plant Biology},
  volume={33},
  number={2},
  pages={177--187},
  year={2006},
  publisher={CSIRO}
}



@article{din2011physiological,
  title={Physiological and agronomic response of canola varieties to drought stress},
  author={Din, J and Khan, SU and Ali, I and Gurmani, AR and others},
  journal={J Anim Plant Sci},
  volume={21},
  number={1},
  pages={78--82},
  year={2011}
}

@article{katsoulas2016crop,
  title={Crop reflectance monitoring as a tool for water stress detection in greenhouses: A review},
  author={Katsoulas, Nikolaos and Elvanidi, Angeliki and Ferentinos, Konstantinos P and Kacira, Murat and Bartzanas, Thomas and Kittas, Constantinos},
  journal={biosystems engineering},
  volume={151},
  pages={374--398},
  year={2016},
  publisher={Elsevier}
}


@article{anjum2011brassinolide,
  title={Brassinolide application improves the drought tolerance in maize through modulation of enzymatic antioxidants and leaf gas exchange},
  author={Anjum, SA and Wang, LC and Farooq, M and Hussain, M and Xue, LL and Zou, CM},
  journal={Journal of Agronomy and Crop Science},
  volume={197},
  number={3},
  pages={177--185},
  year={2011},
  publisher={Wiley Online Library}
}


@article{lawlor2002photosynthetic,
  title={Photosynthetic carbon assimilation and associated metabolism in relation to water deficits in higher plants},
  author={Lawlor, D Wꎬ and Cornic, G},
  journal={Plant, cell \& environment},
  volume={25},
  number={2},
  pages={275--294},
  year={2002},
  publisher={Wiley Online Library}
}



@article{xue2017significant,
  title={Significant remote sensing vegetation indices: A review of developments and applications},
  author={Xue, Jinru and Su, Baofeng},
  journal={Journal of Sensors},
  volume={2017},
  year={2017},
  publisher={Hindawi}
}


@article{berni2009thermal,
  title={Thermal and narrowband multispectral remote sensing for vegetation monitoring from an unmanned aerial vehicle},
  author={Berni, Jose AJ and Zarco-Tejada, Pablo J and Su{\'a}rez, Lola and Fereres, Elias},
  journal={IEEE Transactions on geoscience and Remote Sensing},
  volume={47},
  number={3},
  pages={722--738},
  year={2009},
  publisher={IEEE}
}

@article{dangwal2016monitoring,
  title={Monitoring of water stress in wheat using multispectral indices derived from Landsat-TM},
  author={Dangwal, Nitika and Patel, NR and Kumari, Mamta and Saha, SK},
  journal={Geocarto International},
  volume={31},
  number={6},
  pages={682--693},
  year={2016},
  publisher={Taylor \& Francis}
}

@article{panigada2014fluorescence,
  title={Fluorescence, PRI and canopy temperature for water stress detection in cereal crops},
  author={Panigada, Cinzia and Rossini, Micol and Meroni, Michele and Cilia, Chiara and Busetto, Lorenzo and Amaducci, Stefano and Boschetti, Mirco and Cogliati, Sergio and Picchi, Valentina and Pinto, Francisco and others},
  journal={International Journal of Applied Earth Observation and Geoinformation},
  volume={30},
  pages={167--178},
  year={2014},
  publisher={Elsevier}
}

@article{rossini2013assessing,
  title={Assessing canopy PRI from airborne imagery to map water stress in maize},
  author={Rossini, Micol and Fava, Francesco and Cogliati, Sergio and Meroni, Michele and Marchesi, A and Panigada, Cinzia and Giardino, Claudia and Busetto, Lorenzo and Migliavacca, Mirco and Amaducci, Stefano and others},
  journal={ISPRS Journal of Photogrammetry and Remote Sensing},
  volume={86},
  pages={168--177},
  year={2013},
  publisher={Elsevier}
}

@article{wang2015determining,
  title={Determining the canopy water stress for spring wheat using canopy hyperspectral reflectance data in loess plateau semiarid regions},
  author={Wang, Xiaoping and Zhao, Chuanyan and Guo, Ni and Li, Yaohui and Jian, Shenqi and Yu, Kai},
  journal={Spectroscopy Letters},
  volume={48},
  number={7},
  pages={492--498},
  year={2015},
  publisher={Taylor \& Francis}
}

@article{zarco2013pri,
  title={A PRI-based water stress index combining structural and chlorophyll effects: Assessment using diurnal narrow-band airborne imagery and the CWSI thermal index},
  author={Zarco-Tejada, Pablo J and Gonz{\'a}lez-Dugo, Victoria and Williams, LE and Su{\'a}rez, L and Berni, Jos{\'e} AJ and Goldhamer, D and Fereres, E},
  journal={Remote sensing of environment},
  volume={138},
  pages={38--50},
  year={2013},
  publisher={Elsevier}
}



@article{zarco2013pri,
  title={A PRI-based water stress index combining structural and chlorophyll effects: Assessment using diurnal narrow-band airborne imagery and the CWSI thermal index},
  author={Zarco-Tejada, Pablo J and Gonz{\'a}lez-Dugo, Victoria and Williams, LE and Su{\'a}rez, L and Berni, Jos{\'e} AJ and Goldhamer, D and Fereres, E},
  journal={Remote sensing of environment},
  volume={138},
  pages={38--50},
  year={2013},
  publisher={Elsevier}
}


@article{zarco2012fluorescence,
  title={Fluorescence, temperature and narrow-band indices acquired from a UAV platform for water stress detection using a micro-hyperspectral imager and a thermal camera},
  author={Zarco-Tejada, Pablo J and Gonz{\'a}lez-Dugo, Victoria and Berni, Jos{\'e} AJ},
  journal={Remote sensing of environment},
  volume={117},
  pages={322--337},
  year={2012},
  publisher={Elsevier}
}

@article{alchanatis2010evaluation,
  title={Evaluation of different approaches for estimating and mapping crop water status in cotton with thermal imaging},
  author={Alchanatis, V and Cohen, Y and Cohen, S and Moller, M and Sprinstin, M and Meron, M and Tsipris, J and Saranga, Y and Sela, E},
  journal={Precision Agriculture},
  volume={11},
  number={1},
  pages={27--41},
  year={2010},
  publisher={Springer}
}

@article{aladenola2014response,
  title={Response of greenhouse-grown bell pepper (Capsicum annuum L.) to variable irrigation},
  author={Aladenola, Olanike and Madramootoo, Chandra},
  journal={Canadian journal of plant science},
  volume={94},
  number={2},
  pages={303--310},
  year={2014},
  publisher={NRC Research Press}
}
@article{bellvert2016airborne,
  title={Airborne thermal imagery to detect the seasonal evolution of crop water status in peach, nectarine and Saturn peach orchards},
  author={Bellvert, Joaquim and Marsal, Jordi and Girona, Joan and Gonzalez-Dugo, Victoria and Fereres, El{\'\i}as and Ustin, Susan and Zarco-Tejada, Pablo},
  journal={Remote Sensing},
  volume={8},
  number={1},
  pages={39},
  year={2016},
  publisher={Multidisciplinary Digital Publishing Institute}
}

@article{idso1981normalizing,
  title={Normalizing the stress-degree-day parameter for environmental variability},
  author={Idso, SB and Jackson, RD and Pinter Jr, PJ and Reginato, RJ and Hatfield, JL},
  journal={Agricultural meteorology},
  volume={24},
  pages={45--55},
  year={1981},
  publisher={Elsevier}
}


@article{kobayashi2001detection,
  title={Detection of rice panicle blast with multispectral radiometer and the potential of using airborne multispectral scanners},
  author={Kobayashi, T and Kanda, E and Kitada, K and Ishiguro, K and Torigoe, Y},
  journal={Phytopathology},
  volume={91},
  number={3},
  pages={316--323},
  year={2001},
  publisher={Am Phytopath Society}
}
@article{prasannakumar2013assessment,
  title={Assessment of brown planthopper,(Nilaparvata lugens)[St{\aa}l], damage in rice using hyperspectral remote sensing},
  author={Prasannakumar, NR and Chander, Subhash and Sahoo, RN and Gupta, VK},
  journal={International journal of pest management},
  volume={59},
  number={3},
  pages={180--188},
  year={2013},
  publisher={Taylor \& Francis}
}

@article{yang2010assessment,
  title={Assessment of the severity of bacterial leaf blight in rice using canopy hyperspectral reflectance},
  author={Yang, Chwen-Ming},
  journal={Precision Agriculture},
  volume={11},
  number={1},
  pages={61--81},
  year={2010},
  publisher={Springer}
}


@article{bravo2003early,
  title={Early disease detection in wheat fields using spectral reflectance},
  author={Bravo, Cedric and Moshou, Dimitrios and West, Jonathan and McCartney, Alastair and Ramon, Herman},
  journal={Biosystems Engineering},
  volume={84},
  number={2},
  pages={137--145},
  year={2003},
  publisher={Elsevier}
}

@article{cao2013detection,
  title={Detection of powdery mildew in two winter wheat cultivars using canopy hyperspectral reflectance},
  author={Cao, Xueren and Luo, Yong and Zhou, Yilin and Duan, Xiayu and Cheng, Dengfa},
  journal={Crop Protection},
  volume={45},
  pages={124--131},
  year={2013},
  publisher={Elsevier}
}





@article{muir1982experiments,
  title={Experiments in the detection of incipient diseases in potato tubers by optical methods},
  author={Muir, AY and Porteous, RL and Wastie, RL},
  journal={Journal of Agricultural Engineering Research},
  volume={27},
  number={2},
  pages={131--138},
  year={1982},
  publisher={Elsevier}
}


@article{kollist2018rapid,
  title={Rapid responses to abiotic stress: priming the landscape for the signal transduction network},
  author={Kollist, Hannes and Zandalinas, Sara I and Sengupta, Soham and Nuhkat, Maris and Kangasj{\"a}rvi, Jaakko and Mittler, Ron},
  journal={Trends in plant science},
  year={2018},
  publisher={Elsevier}
}


@article{mcclung2010ambient,
  title={Ambient thermometers in plants: from physiological outputs towards mechanisms of thermal sensing},
  author={McClung, C Robertson and Davis, Seth J},
  journal={Current Biology},
  volume={20},
  number={24},
  pages={R1086--R1092},
  year={2010},
  publisher={Elsevier}
}


@article{mittler2012plants,
  title={How do plants feel the heat?},
  author={Mittler, Ron and Finka, Andrija and Goloubinoff, Pierre},
  journal={Trends in biochemical sciences},
  volume={37},
  number={3},
  pages={118--125},
  year={2012},
  publisher={Elsevier}
}


@article{suzuki2012ros,
  title={ROS and redox signalling in the response of plants to abiotic stress},
  author={Suzuki, Nobuhiro and Koussevitzky, SHAI and Mittler, RON and Miller, GAD},
  journal={Plant, Cell \& Environment},
  volume={35},
  number={2},
  pages={259--270},
  year={2012},
  publisher={Wiley Online Library}
}


@article{willstatter1907untersuchungen,
  title={Untersuchungen {\"u}ber Chlorophyll; IV. Ueber die gelben Begleiter des Chlorophylls},
  author={Willst{\"a}tter, Richard and Mieg, Walter},
  journal={Justus Liebigs Annalen der Chemie},
  volume={355},
  number={1},
  pages={1--28},
  year={1907},
  publisher={Wiley Online Library}
}

@article{sinclair1968pathway,
  title={Pathway of solar radiation through leaves},
  author={Sinclair, Thomas R and others},
  year={1968}
}


@article{Mestre1935The,
  title={The absorption of radiation by leaves and algae},
  author={Mestre, H.},
  journal={Cold Spring Harbor Symposia on Quantitative Biology},
  pages={191-209},
  year={1935},
}

@article{knipling1970physical,
  title={Physical and physiological basis for the reflectance of visible and near-infrared radiation from vegetation},
  author={Knipling, Edward B},
  journal={Remote sensing of environment},
  volume={1},
  number={3},
  pages={155--159},
  year={1970},
  publisher={Elsevier}
}

@article{gates1965spectral,
  title={Spectral properties of plants},
  author={Gates, David M and Keegan, Harry J and Schleter, John C and Weidner, Victor R},
  journal={Applied optics},
  volume={4},
  number={1},
  pages={11--20},
  year={1965},
  publisher={Optical Society of America}
}

@article{scikit-learn,
 title={Scikit-learn: Machine Learning in {P}ython},
 author={Pedregosa, F. and Varoquaux, G. and Gramfort, A. and Michel, V.
         and Thirion, B. and Grisel, O. and Blondel, M. and Prettenhofer, P.
         and Weiss, R. and Dubourg, V. and Vanderplas, J. and Passos, A. and
         Cournapeau, D. and Brucher, M. and Perrot, M. and Duchesnay, E.},
 journal={Journal of Machine Learning Research},
 volume={12},
 pages={2825--2830},
 year={2011}
}

@TECHREPORT{Platt98sequentialminimal,
    author = {John C. Platt},
    title = {Sequential Minimal Optimization: A Fast Algorithm for Training Support Vector Machines},
    institution = {ADVANCES IN KERNEL METHODS - SUPPORT VECTOR LEARNING},
    year = {1998}
}

@inproceedings{chen2016xgboost,
  title={Xgboost: A scalable tree boosting system},
  author={Chen, Tianqi and Guestrin, Carlos},
  booktitle={Proceedings of the 22nd acm sigkdd international conference on knowledge discovery and data mining},
  pages={785--794},
  year={2016},
  organization={ACM}
}


@article{feilhauer2015multi,
  title={Multi-method ensemble selection of spectral bands related to leaf biochemistry},
  author={Feilhauer, Hannes and Asner, Gregory P and Martin, Roberta E},
  journal={Remote Sensing of Environment},
  volume={164},
  pages={57--65},
  year={2015},
  publisher={Elsevier}
}

@misc{howard2018fastai,
  title={fastai},
  author={Howard, Jeremy and others},
  year={2018},
  publisher={GitHub},
  howpublished={\url{https://github.com/fastai/fastai}},
}

@inproceedings{lowe1999object,
  title={Object recognition from local scale-invariant features.},
  author={Lowe, David G and others},
  booktitle={iccv},
  volume={99},
  number={2},
  pages={1150--1157},
  year={1999}
}


@inproceedings{ronneberger2015u,
  title={U-net: Convolutional networks for biomedical image segmentation},
  author={Ronneberger, Olaf and Fischer, Philipp and Brox, Thomas},
  booktitle={International Conference on Medical image computing and computer-assisted intervention},
  pages={234--241},
  year={2015},
  organization={Springer}
}


@article{Xie2016,
  title={Aggregated Residual Transformations for Deep Neural Networks},
  author={Saining Xie and Ross Girshick and Piotr Dollár and Zhuowen Tu and Kaiming He},
  journal={arXiv preprint arXiv:1611.05431},
  year={2016}
}

@inproceedings{smith2017cyclical,
  title={Cyclical learning rates for training neural networks},
  author={Smith, Leslie N},
  booktitle={2017 IEEE Winter Conference on Applications of Computer Vision (WACV)},
  pages={464--472},
  year={2017},
  organization={IEEE}
}

@article{jordan1969derivation,
  title={Derivation of leaf-area index from quality of light on the forest floor},
  author={Jordan, Carl F},
  journal={Ecology},
  volume={50},
  number={4},
  pages={663--666},
  year={1969},
  publisher={Wiley Online Library}
}

@inproceedings{pearson1972remote,
  title={Remote mapping of standing crop biomass for estimation of the productivity of the shortgrass prairie},
  author={Pearson, Robert Lawrence and Miller, Lee Durward},
  booktitle={Remote sensing of environment, VIII},
  pages={1355},
  year={1972}
}

@article{rouse1974monitoring,
  title={Monitoring vegetation systems in the Great Plains with ERTS},
  author={Rouse Jr, J\_W and Haas, RH and Schell, JA and Deering, DW},
  year={1974}
}

@article{tucker1979red,
  title={Red and photographic infrared linear combinations for monitoring vegetation},
  author={Tucker, Compton J},
  journal={Remote sensing of Environment},
  volume={8},
  number={2},
  pages={127--150},
  year={1979},
  publisher={Elsevier}
}

@article{huete2002overview,
  title={Overview of the radiometric and biophysical performance of the MODIS vegetation indices},
  author={Huete, Alfredo and Didan, Kamel and Miura, Tomoaki and Rodriguez, E Patricia and Gao, Xiang and Ferreira, Laerte G},
  journal={Remote sensing of environment},
  volume={83},
  number={1-2},
  pages={195--213},
  year={2002},
  publisher={Elsevier}
}

@article{broge2001comparing,
  title={Comparing prediction power and stability of broadband and hyperspectral vegetation indices for estimation of green leaf area index and canopy chlorophyll density},
  author={Broge, Niels Henrik and Leblanc, Eric},
  journal={Remote sensing of environment},
  volume={76},
  number={2},
  pages={156--172},
  year={2001},
  publisher={Elsevier}
}

@article{vincini2008broad,
  title={A broad-band leaf chlorophyll vegetation index at the canopy scale},
  author={Vincini, Massimo and Frazzi, Ermes and D’Alessio, Paolo},
  journal={Precision Agriculture},
  volume={9},
  number={5},
  pages={303--319},
  year={2008},
  publisher={Springer}
}

@article{gitelson1996use,
  title={Use of a green channel in remote sensing of global vegetation from EOS-MODIS},
  author={Gitelson, Anatoly A and Kaufman, Yoram J and Merzlyak, Mark N},
  journal={Remote sensing of Environment},
  volume={58},
  number={3},
  pages={289--298},
  year={1996},
  publisher={Elsevier}
}

@article{gitelson2003relationships,
  title={Relationships between leaf chlorophyll content and spectral reflectance and algorithms for non-destructive chlorophyll assessment in higher plant leaves},
  author={Gitelson, Anatoly A and Gritz, Yuri and Merzlyak, Mark N},
  journal={Journal of plant physiology},
  volume={160},
  number={3},
  pages={271--282},
  year={2003},
  publisher={Elsevier}
}

@article{louhaichi2001spatially,
  title={Spatially located platform and aerial photography for documentation of grazing impacts on wheat},
  author={Louhaichi, Mounir and Borman, Michael M and Johnson, Douglas E},
  journal={Geocarto International},
  volume={16},
  number={1},
  pages={65--70},
  year={2001},
  publisher={Taylor \& Francis}
}



