@incollection{pierce1999aspects,
  title={Aspects of precision agriculture},
  author={Pierce, Francis J and Nowak, Peter},
  booktitle={Advances in agronomy},
  volume={67},
  pages={1--85},
  year={1999},
  publisher={Elsevier}
}

@article{lee1999robotic,
  title={Robotic weed control system for tomatoes},
  author={Lee, Won Suk and Slaughter, DC and Giles, DK},
  journal={Precision Agriculture},
  volume={1},
  number={1},
  pages={95--113},
  year={1999},
  publisher={Springer}
}

@article{perez2000colour,
  title={Colour and shape analysis techniques for weed detection in cereal fields},
  author={Perez, AJ and Lopez, F and Benlloch, JV and Christensen, Svend},
  journal={Computers and electronics in agriculture},
  volume={25},
  number={3},
  pages={197--212},
  year={2000},
  publisher={Elsevier}
}

@article{feyaerts2001multi,
  title={Multi-spectral vision system for weed detection},
  author={Feyaerts, Filip and Van Gool, Luc},
  journal={Pattern Recognition Letters},
  volume={22},
  number={6-7},
  pages={667--674},
  year={2001},
  publisher={Elsevier}
}

@inproceedings{krizhevsky2012imagenet,
  title={Imagenet classification with deep convolutional neural networks},
  author={Krizhevsky, Alex and Sutskever, Ilya and Hinton, Geoffrey E},
  booktitle={Advances in neural information processing systems},
  pages={1097--1105},
  year={2012}
}

@book{howse2013opencv,
  title={OpenCV computer vision with python},
  author={Howse, Joseph},
  year={2013},
  publisher={Packt Publishing Ltd}
}

@article{pedregosa2011scikit,
  title={Scikit-learn: Machine learning in Python},
  author={Pedregosa, Fabian and Varoquaux, Ga{\"e}l and Gramfort, Alexandre and Michel, Vincent and Thirion, Bertrand and Grisel, Olivier and Blondel, Mathieu and Prettenhofer, Peter and Weiss, Ron and Dubourg, Vincent and others},
  journal={Journal of machine learning research},
  volume={12},
  number={Oct},
  pages={2825--2830},
  year={2011}
}