@article{calderon2013high,
    title={High-resolution airborne hyperspectral and thermal imagery for early detection of Verticillium wilt of olive using fluorescence, temperature and narrow-band spectral indices},
    author={Calder{\'o}n, R and Navas-Cort{\'e}s, Juan Antonio and Lucena, C and Zarco-Tejada, Pablo J},
    journal={Remote Sensing of Environment},
    volume={139},
    pages={231--245},
    year={2013},
    publisher={Elsevier}
}

@article{zhao2016hyperspectral,
	title={Hyperspectral imaging for determining pigment contents in cucumber leaves in response to angular leaf spot disease},
	author={Zhao, Yan-Ru and Li, Xiaoli and Yu, Ke-Qiang and Cheng, Fan and He, Yong},
	journal={Scientific reports},
	volume={6},
	pages={27790},
	year={2016},
	publisher={Nature Publishing Group}
}
