@book{lack1983darwin,
  title={Darwin's finches},
  author={Lack, David},
  year={1983},
  publisher={CUP Archive}
}

@article{wilson1967theory,
  title={The theory of island biogeography},
  author={Wilson, Edward O and MacArthur, Robert H},
  journal={Princeton, NJ},
  year={1967}
}

@article{macarthur1963equilibrium,
  title={An equilibrium theory of insular zoogeography},
  author={MacArthur, Robert H and Wilson, Edward O},
  journal={Evolution},
  volume={17},
  number={4},
  pages={373--387},
  year={1963},
  publisher={Wiley Online Library}
}

@book{losos2009theory,
  title={The theory of island biogeography revisited},
  author={Losos, Jonathan B and Ricklefs, Robert E},
  year={2009},
  publisher={Princeton University Press}
}

@article{rosindell2011unified,
  title={A unified model of island biogeography sheds light on the zone of radiation},
  author={Rosindell, James and Phillimore, Albert B},
  journal={Ecology letters},
  volume={14},
  number={6},
  pages={552--560},
  year={2011},
  publisher={Wiley Online Library}
}
